%%% Filename : ml.bib
%%% Date     : 17.6.1996
%%% Contents : Bibliographic database for papers
%%% Author   : Gernot Salzer

@string{Baaz="Baaz, M."}
@string{Ferm="Ferm{\"u}ller, C. G."}
@string{Salz="Salzer, G."}
@string{Zach="Zach, R."}
@string{BaazFerm=Baaz # " and " # Ferm}

@string{FUNDM = "Fund. Math."}
@string{JSC="J. Symbolic Computation"}
@string{JSYML = "J.~Symbolic Logic"}
@string{ZMATL2 = "Z.~Math. Logik Grundlag. Math."}
@string{KGS = "Collegium Logicum: Annals of the {Kurt}-{G\"odel}-{Society}"}
@string{springer="Springer"}

@inproceedings{BaazFerm92LPAR,
        title = "Resolution for Many-valued Logics",
        author = BaazFerm,
        crossref={LPAR92},
        pages = "107--118"
}

@article{BaazFerm95JSC,
	author=BaazFerm,
	title={Resolution-Based Theorem Proving
                     for Many-Valued Logics},
	journal=JSC,
	volume=19,
	year=1995,
	pages={353--391}
}

@inproceedings{BaazFermZach93SMVL,
        title = {Systematic Construction of Natural Deduction Systems for Many-valued Logics},
        author = {Baaz, M. and Ferm{\"u}ller, C. G. and Zach, R.},
        booktitle = {Proc. 23rd International Symposium on Multiple-valued Logic},
        month = "May 24--27",
        year  = "1993",
        publisher = "{IEEE} Computer Society Press, Los Alamitos",
        pages = "208--215"
}

@article{Carnielli:87,
        title = "Systematization of Finite Many-valued Logics through the Method of Tableaux",
        author = "W. A. Carnielli",
        journal = JSYML,
        volume = 52,
        number = 2,
        pages = "473--493",
        year = 1987
}

@article{Carnielli:91,
        title = "On Sequents and Tableaux for Many-valued Logics",
        author = "W. A. Carnielli",
        journal = "J.~Non-Classical Logic",
        volume = 8,
        number = 1,
        pages = "59--76",
        year = 1991
}

@INPROCEEDINGS{Haehnle:91,
   AUTHOR = {R. H{\"a}hnle},
   BOOKTITLE = {Proc. 21st International Symposium on Multiple-valued Logic},
   PAGES = {238--245},
   TITLE = {Uniform Notation of Tableaux Rules for Multiple-valued Logics},
   YEAR = {1991},
}

@PHDTHESIS{Haehnle:92,
   AUTHOR = {Reiner H{\"a}hnle},
   MONTH = {may},
   SCHOOL = {{Universit\"at} {Karlsruhe}, {Institut} f{\"u}r {Logik},
             {Komplexit\"at} und {Deduktionssysteme}},
   TITLE = {Tableaux-Based Theorem Proving in Multiple-Valued Logics},
   YEAR = {1992}}

@book{Haehnle:93,
        author = {R. H{\"a}hnle},
        title = "Automated Deduction in Multiple-Valued Logics",
        publisher = "Oxford University Press",
        address = "Oxford",
        year = 1993
}

@article{StachniakOHearn:92,
        author = "P. O'Hearn  and Z. Stachniak",
        title = "A resolution framework for finitely-valued first-order logics",
        journal = "J.~Symbolic Computation",
        volume = 13,
        pages = "235--254",
        year = 1992
}

@article{Rousseau:67,
        title = "Sequents in many valued logic~{I}",
        author = "G. Rousseau",
        journal = FUNDM,
        volume = 60,
        pages = "23--33",
        year = 1967,
        comment = "MR 35.1451 Zbl 154.255 Err 61 p313"
}

@incollection{Salzer96KGS,
	author=Salz,
	title={{MUltlog}: an Expert System for Multiple-valued Logics},
	crossref={KGS96}
}


@inproceedings{Salzer96CADE,
	author=Salz,
	title={Optimal Axiomatizations for Multiple-Valued Operators
           and Quantifiers Based on Semi-lattices},
	crossref={CADE96}
}

@article{Schroeter:55,
        title = {Methoden zur {A}xiomatisierung beliebiger {A}ussagen-
        und {P}r\"adikatenkalk\"ule},
        author = {K. Schr{\"o}ter},
        journal = ZMATL2,
        volume = 1,
        pages = "241--251",
        year = 1955
}

@incollection{Surma:77,
        title = "An Algorithm for Axiomatizing Every Finite Logic",
        author = "S. J. Surma",
        booktitle = "Computer Science and Multiple-valued Logic: Theory and Applications",
        editor = "D. C. Rine",
        pages = "137--143",
        publisher = "North-Holland",
        address = "Amsterdam",
        year = "1977"
}

@article{Takahashi:67,
        title = "Many-Valued Logics of Extended {G}entzen Style {I}",
        author = "M. Takahashi",
        journal = "Sci. Rep. Tokyo Kyoiku Daigaku Sect A",
        volume = 9,
        number = 231,
        pages = "95--110",
        year = 1967,
        comment = "MR 37.39 Zbl 172.8"
}

@phdthesis{Zach93DA,
        author = Zach,
        title = "Proof Theory of Finite-valued Logics",
        school = {Technische Universit\"at Wien},
        year = 1993,
        type = "Diplomarbeit"
}

@Proceedings{LPAR92,
year={1992},
editor={Voronkov, A.},
title={Logic Programming and Automated Reasoning ({LPAR}'92)},
booktitle={Logic Programming and Automated Reasoning ({LPAR}'92)},
series={LNCS 624 (LNAI)},
publisher=springer
}

@Proceedings{CADE96,
year={1996},
title={13th Int. Conf. on Automated Deduction (CADE'96)},
booktitle={13th Int. Conf. on Automated Deduction (CADE'96)},
series={LNCS (LNAI)},
publisher=springer
}

@book{KGS96,
	booktitle=KGS,
	title=KGS,
	volume=2,
	publisher=springer,
        year=1996
}

