
@article{ml,
  title = {Logics Based on Linear Orders of Contaminating Values},
  author = {Ciuni, Roberto and Ferguson, Thomas Macaulay and Szmuc, Damian},
  year = {2019},
  volume = {29},
  pages = {631--663},
  doi = {10.1093/logcom/exz009},
  journal = {Journal of Logic and Computation},
  number = {5}
}


