
@article{Zach2016,
  title = {Natural Deduction for the {{Sheffer}} Stroke and {{Peirce}}'s Arrow (and Any Other Truth-Functional Connective)},
  author = {Zach, Richard},
  year = {2016},
  month = apr,
  volume = {45},
  pages = {183--197},
  doi = {10.1007/s10992-015-9370-x},
  journal = {Journal of Philosophical Logic},
  number = {2}
}

@article{Zach2021,
  title = {Cut Elimination and Normalization for Generalized Single and Multi-Conclusion Sequent and Natural Deduction Calculi},
  author = {Zach, Richard},
  year = {2021},
  doi = {10.1017/S1755020320000015},
  note = {forthcoming},
  journal = {Review of Symbolic Logic},
}


@article{Read1999,
  title = {Sheffer's Stroke: A Study in Proof-Theoretic Harmony},
  author = {Read, Stephen},
  year = {1999},
  volume = {34},
  pages = {7--23},
  journal = {Danish Yearbook of Philosophy}
}


