
@article{Oller1999,
  title = {Paraconsistency and Analyticity},
  author = {Oller, Carlos A.},
  year = {1999},
  volume = {7},
  pages = {91--99},
  doi = {10.12775/LLP.1999.008},
 journal = {Logic and Logical Philosophy},
}

@article{Deutsch1977,
  author          = {Deutsch, Harry},
  title           = {Relevant analytic entailment},
  journal         = {The Relevance Logic Newsletter},
  volume          = {2},
  number          = {1},
  year            = {1977},
  pages           = {26--44}
}

