
@incollection{Baaz1996,
  title = {Infinite-Valued {{G\"odel}} Logics with \$0\$-\$1\$-Projections and Relativizations},
  shorttitle = {G\"odel 96},
  booktitle = {G\"odel '96: {{Logical}} Foundations of Mathematics, Computer Science and Physics---{{Kurt G\"odel}}'s Legacy, {{Brno}}, {{Czech Republic}}, {{August}} 1996, Proceedings},
  author = {Baaz, Matthias},
  editor = {H{\'a}jek, Petr},
  year = {1996},
  pages = {23--33},
  publisher = {A. K. Peters},
  language = {en},
  number = {6},
  series = {Lecture {{Notes}} in {{Logic}}}
}

@incollection{Belnap1975,
  title = {A Useful Four-Valued Logic},
  booktitle = {Modern {{Uses}} of {{Multiple}}-Valued {{Logic}}},
  author = {Belnap, Nuel D.},
  editor = {Dunn, J. M. and Epstein, G.},
  year = {1975},
  pages = {9--37},
  publisher = {{Reidel}},
  address = {{Dordrecht}},
  doi = {10.1007/978-94-010-1161-7_2}
}

@article{Dunn1976,
  title = {Intuitive Semantics for First-Degree Entailments and `Coupled Trees'},
  author = {Dunn, J. Michael},
  year = {1976},
  month = mar,
  volume = {29},
  pages = {149--168},
  issn = {1573-0883},
  doi = {10.1007/BF00373152},
  journal = {Philosophical Studies},
  language = {en},
  number = {3}
}

@incollection{Fitting2006,
	publisher = {CSLI Publications},
	year = {2006},
	author = {Melvin Fitting},
	editor = {T. Bolander and V. Hendricks and S. A. Pedersen},
	title = {Bilattices Are Nice Things},
	booktitle = {Self-Reference},
  series = {CSLI Lecture Notes},
  number = {178}, 
  pages = {53-77}.
}

@techreport{Ruet1996,
    author = {Paul Ruet},
    title = {Complete Sets of Connectives and Complete Sequent Calculus for {B}elnap's Logic},
    institution = {Ecole Normale Superieure, D\'epartement de
    Math\'ematiques et Informatique CNRS URA 1327},
    number = {LIENS--96--28},
    year = {1996}
}

@article{Wintein2016,
	number = {4},
	doi = {10.1007/s10992-015-9385-3},
	pages = {451--465},
	journal = {Journal of Philosophical Logic},
	year = {2016},
	volume = {45},
	title = {A {G}entzen Calculus for Nothing but the Truth},
	author = {Stefan Wintein and Reinhard Muskens}
}

@article{Wintein2012,
	volume = {220},
	year = {2012},
	author = {Stefan Wintein and Reinhard Muskens},
	pages = {643--656},
	journal = {Logique et Analyse},
	title = {A Calculus for {B}elnap's Logic in Which Each Proof Consists of Two Trees}
}


@article{FontRius2000,
  title = {An Abstract Algebraic Logic Approach to Tetravalent Modal Logics},
  author = {Font, Josep Maria and Rius, Miquel},
  year = {2000},
  volume = {65},
  pages = {481--518},
  doi = {10.2307/2586552},
  journal = {The Journal of Symbolic Logic},
  language = {en},
  number = {2}
}

@article{Ginsberg1988,
  title = {Multivalued Logics: A Uniform Approach to Reasoning in Artificial Intelligence},
  shorttitle = {Multivalued Logics},
  author = {Ginsberg, Matthew L.},
  year = {1988},
  volume = {4},
  pages = {265--316},
  issn = {1467-8640},
  doi = {10.1111/j.1467-8640.1988.tb00280.x},
  journal = {Computational Intelligence},
  language = {en},
  number = {3}
}

@article{OmoriWansing2017,
  title = {40 Years of {{FDE}}: An Introductory Overview},
  shorttitle = {40 Years of Fde},
  author = {Omori, Hitoshi and Wansing, Heinrich},
  year = {2017},
  month = dec,
  volume = {105},
  pages = {1021--1049},
  issn = {0039-3215, 1572-8730},
  doi = {10.1007/s11225-017-9748-6},
  journal = {Studia Logica},
  language = {en},
  number = {6}
}

@article{SanoOmori2014,
  title = {An Expansion of First-Order {{Belnap}}\textendash{{Dunn}} Logic},
  author = {Sano, Katsuhiko and Omori, Hitoshi},
  year = {2014},
  month = jun,
  volume = {22},
  pages = {458--481},
  issn = {1367-0751},
  doi = {10.1093/jigpal/jzt044},
  journal = {Logic Journal of the IGPL},
  number = {3}
}
