
@article{ml,
  title = {Zum intuitionistischen {{Aussagenkalk\"ul}}},
  author = {G{\"o}del, Kurt},
  year = {1932},
  volume = {69},
  pages = {65--66},
  journal = {Anzeiger der Akademie der Wissenschaften in Wien, Mathematisch-Naturwissenschaftliche Klasse}
}


