
@article{ml,
  title = {False Though Partly True \textendash{} an Experiment in Logic},
  author = {Humberstone, Lloyd},
  year = {2003},
  month = dec,
  volume = {32},
  pages = {613--665},
  doi = {10.1023/B:LOGI.0000003922.76154.69},
  journal = {Journal of Philosophical Logic},
  language = {en},
  number = {6}
}


