
@article{ml,
  title = {O Logice Tr\'ojwarto\'sciowej},
  author = {{\L}ukasiewicz, Jan},
  year = {1920},
  volume = {6},
  pages = {170--171},
  journal = {Ruch Filozoficzny}
}


