
@article{ml,
  title = {The Logic of Paradox},
  author = {Priest, Graham},
  year = {1979},
  volume = {8},
  pages = {219--241},
  doi = {10.1007/BF00258428},
  journal = {Journal of Philosophical Logic},
  number = {1}
}


