
@article{ml,
  title = {Some Useful 16-Valued Logics: How a Computer Network Should Think},
  shorttitle = {Some Useful 16-Valued Logics},
  author = {Shramko, Yaroslav and Wansing, Heinrich},
  year = {2005},
  month = apr,
  volume = {34},
  pages = {121--153},
  issn = {1573-0433},
  doi = {10.1007/s10992-005-0556-5},
  journal = {Journal of Philosophical Logic},
  number = {2}
}


